[gd_scene load_steps=6 format=2]

[ext_resource path="res://tiles/dot/Dot.tscn" type="PackedScene" id=1]
[ext_resource path="res://bubble/Bubble.tscn" type="PackedScene" id=2]
[ext_resource path="res://bubble/BubbleWander.gd" type="Script" id=3]
[ext_resource path="res://tiles/wall_old/Wall.tscn" type="PackedScene" id=4]
[ext_resource path="res://tiles/wall_old/rock2.png" type="Texture" id=5]

[node name="DotTest" type="Node2D"]

[node name="rock2" type="Sprite" parent="."]
modulate = Color( 0.403922, 0.403922, 0.403922, 1 )
position = Vector2( 549.759, 272.222 )
scale = Vector2( 11.4175, 7.27901 )
texture = ExtResource( 5 )

[node name="Dot" parent="." instance=ExtResource( 1 )]
position = Vector2( 75, 96 )

[node name="Dot19" parent="." instance=ExtResource( 1 )]
position = Vector2( 465.06, 229.191 )

[node name="Dot24" parent="." instance=ExtResource( 1 )]
position = Vector2( 346.139, 319.571 )

[node name="Dot20" parent="." instance=ExtResource( 1 )]
position = Vector2( 914.58, 81.7295 )

[node name="Dot21" parent="." instance=ExtResource( 1 )]
position = Vector2( 79.7568, 405.194 )

[node name="Dot22" parent="." instance=ExtResource( 1 )]
position = Vector2( 553.061, 126.919 )

[node name="Dot23" parent="." instance=ExtResource( 1 )]
position = Vector2( 396.086, 495.574 )

[node name="Dot2" parent="." instance=ExtResource( 1 )]
position = Vector2( 108, 225 )

[node name="Dot3" parent="." instance=ExtResource( 1 )]
position = Vector2( 203, 141 )

[node name="Dot4" parent="." instance=ExtResource( 1 )]
position = Vector2( 225, 63 )

[node name="Dot5" parent="." instance=ExtResource( 1 )]
position = Vector2( 309, 164 )

[node name="Dot6" parent="." instance=ExtResource( 1 )]
position = Vector2( 278, 113 )

[node name="Dot7" parent="." instance=ExtResource( 1 )]
position = Vector2( 183, 349 )

[node name="Dot8" parent="." instance=ExtResource( 1 )]
position = Vector2( 215, 242 )

[node name="Dot9" parent="." instance=ExtResource( 1 )]
position = Vector2( 448, 79 )

[node name="Dot10" parent="." instance=ExtResource( 1 )]
position = Vector2( 563, 288 )

[node name="Dot11" parent="." instance=ExtResource( 1 )]
position = Vector2( 596, 417 )

[node name="Dot12" parent="." instance=ExtResource( 1 )]
position = Vector2( 691, 333 )

[node name="Dot13" parent="." instance=ExtResource( 1 )]
position = Vector2( 713, 255 )

[node name="Dot14" parent="." instance=ExtResource( 1 )]
position = Vector2( 797, 356 )

[node name="Dot15" parent="." instance=ExtResource( 1 )]
position = Vector2( 766, 305 )

[node name="Dot16" parent="." instance=ExtResource( 1 )]
position = Vector2( 671, 541 )

[node name="Dot17" parent="." instance=ExtResource( 1 )]
position = Vector2( 703, 434 )

[node name="Dot18" parent="." instance=ExtResource( 1 )]
position = Vector2( 936, 271 )

[node name="Wall" parent="." instance=ExtResource( 4 )]
position = Vector2( -37.7096, 343.575 )
scale = Vector2( 1.09091, 8.68588 )

[node name="Wall3" parent="." instance=ExtResource( 4 )]
position = Vector2( 1049.23, 288.871 )
scale = Vector2( 1.09091, 8.68588 )

[node name="Wall2" parent="." instance=ExtResource( 4 )]
position = Vector2( 442.73, 633.741 )
rotation = -1.57473
scale = Vector2( 1.0742, 12.2057 )

[node name="Wall4" parent="." instance=ExtResource( 4 )]
position = Vector2( 487.92, -41.7284 )
rotation = -1.57473
scale = Vector2( 1.0742, 12.2057 )

[node name="Wall5" parent="." instance=ExtResource( 4 )]
position = Vector2( 190.618, 486.279 )

[node name="Wall6" parent="." instance=ExtResource( 4 )]
position = Vector2( 780.465, 103.355 )

[node name="Bubble" parent="." instance=ExtResource( 2 )]
position = Vector2( 425.736, 359.141 )
script = ExtResource( 3 )

[node name="CanvasModulate" type="CanvasModulate" parent="."]
color = Color( 0.592157, 0.6, 0.658824, 1 )
