[gd_resource type="Theme" load_steps=11 format=2]

[ext_resource path="res://fonts/Gaegu-Regular.ttf" type="DynamicFontData" id=1]

[sub_resource type="DynamicFont" id=2]
size = 32
use_mipmaps = true
use_filter = true
font_data = ExtResource( 1 )

[sub_resource type="StyleBoxFlat" id=3]
bg_color = Color( 0.203922, 0.380392, 0.541176, 1 )
border_width_left = 1
border_width_top = 1
border_width_right = 1
border_width_bottom = 1
corner_radius_top_left = 4
corner_radius_top_right = 4
corner_radius_bottom_right = 4
corner_radius_bottom_left = 4
expand_margin_left = 4.0
expand_margin_right = 4.0
shadow_color = Color( 0, 0, 0, 0.45098 )
shadow_size = 2

[sub_resource type="StyleBoxFlat" id=4]
bg_color = Color( 0.0666667, 0.486275, 0.8, 1 )
border_width_left = 1
border_width_top = 1
border_width_right = 1
border_width_bottom = 1
corner_radius_top_left = 4
corner_radius_top_right = 4
corner_radius_bottom_right = 4
corner_radius_bottom_left = 4
expand_margin_left = 4.0
expand_margin_right = 4.0
shadow_color = Color( 0, 0, 0, 0.45098 )
shadow_size = 2

[sub_resource type="StyleBoxFlat" id=5]
bg_color = Color( 0.027451, 0.14902, 0.258824, 1 )
border_width_left = 1
border_width_top = 1
border_width_right = 1
border_width_bottom = 1
corner_radius_top_left = 4
corner_radius_top_right = 4
corner_radius_bottom_right = 4
corner_radius_bottom_left = 4
expand_margin_left = 4.0
expand_margin_right = 4.0
shadow_size = 2

[sub_resource type="DynamicFont" id=6]
size = 32
use_mipmaps = true
use_filter = true
font_data = ExtResource( 1 )

[sub_resource type="DynamicFont" id=8]
size = 32
use_mipmaps = true
use_filter = true
font_data = ExtResource( 1 )

[sub_resource type="DynamicFont" id=9]
size = 32
use_mipmaps = true
use_filter = true
font_data = ExtResource( 1 )

[sub_resource type="DynamicFont" id=10]
size = 32
use_mipmaps = true
use_filter = true
font_data = ExtResource( 1 )

[sub_resource type="DynamicFont" id=11]
size = 32
font_data = ExtResource( 1 )

[resource]
Button/colors/font_color = Color( 0.88, 0.88, 0.88, 1 )
Button/colors/font_color_disabled = Color( 0.9, 0.9, 0.9, 0.2 )
Button/colors/font_color_hover = Color( 0.94, 0.94, 0.94, 1 )
Button/colors/font_color_pressed = Color( 1, 1, 1, 1 )
Button/constants/hseparation = 2
Button/fonts/font = SubResource( 2 )
Button/styles/disabled = null
Button/styles/focus = null
Button/styles/hover = SubResource( 3 )
Button/styles/normal = SubResource( 4 )
Button/styles/pressed = SubResource( 5 )
Label/colors/font_color = Color( 1, 1, 1, 1 )
Label/colors/font_color_shadow = Color( 0, 0, 0, 0 )
Label/colors/font_outline_modulate = Color( 1, 1, 1, 1 )
Label/constants/line_spacing = 3
Label/constants/shadow_as_outline = 0
Label/constants/shadow_offset_x = 1
Label/constants/shadow_offset_y = 1
Label/fonts/font = SubResource( 6 )
Label/styles/normal = null
LineEdit/colors/clear_button_color = Color( 0, 0, 0, 1 )
LineEdit/colors/clear_button_color_pressed = Color( 0, 0, 0, 1 )
LineEdit/colors/cursor_color = Color( 1, 1, 1, 1 )
LineEdit/colors/font_color = Color( 1, 1, 1, 1 )
LineEdit/colors/font_color_selected = Color( 1, 1, 1, 1 )
LineEdit/colors/font_color_uneditable = Color( 0.576471, 0.576471, 0.576471, 1 )
LineEdit/colors/selection_color = Color( 1, 1, 1, 1 )
LineEdit/constants/minimum_spaces = 0
LineEdit/fonts/font = SubResource( 8 )
LineEdit/icons/clear = null
LineEdit/styles/focus = null
LineEdit/styles/normal = null
LineEdit/styles/read_only = null
LinkButton/colors/font_color = Color( 1, 1, 1, 1 )
LinkButton/colors/font_color_focus = Color( 1, 1, 1, 1 )
LinkButton/colors/font_color_hover = Color( 0.909804, 0.909804, 0.909804, 1 )
LinkButton/colors/font_color_pressed = Color( 0.835294, 0.85098, 1, 1 )
LinkButton/constants/underline_spacing = 0
LinkButton/fonts/font = SubResource( 9 )
LinkButton/styles/focus = null
MenuButton/colors/font_color = Color( 1, 1, 1, 1 )
MenuButton/colors/font_color_disabled = Color( 0.627451, 0.627451, 0.627451, 1 )
MenuButton/colors/font_color_focus = Color( 1, 1, 1, 1 )
MenuButton/colors/font_color_hover = Color( 1, 1, 1, 1 )
MenuButton/colors/font_color_pressed = Color( 1, 1, 1, 1 )
MenuButton/constants/hseparation = 0
MenuButton/fonts/font = SubResource( 10 )
MenuButton/styles/disabled = null
MenuButton/styles/focus = null
MenuButton/styles/hover = null
MenuButton/styles/normal = null
MenuButton/styles/pressed = null
PopupMenu/colors/font_color = Color( 1, 1, 1, 1 )
PopupMenu/colors/font_color_accel = Color( 0.631373, 0.631373, 0.631373, 1 )
PopupMenu/colors/font_color_disabled = Color( 1, 1, 1, 1 )
PopupMenu/colors/font_color_hover = Color( 1, 1, 1, 1 )
PopupMenu/colors/font_color_separator = Color( 1, 1, 1, 1 )
PopupMenu/constants/hseparation = 0
PopupMenu/constants/vseparation = 0
PopupMenu/fonts/font = SubResource( 11 )
PopupMenu/icons/checked = null
PopupMenu/icons/radio_checked = null
PopupMenu/icons/radio_unchecked = null
PopupMenu/icons/submenu = null
PopupMenu/icons/unchecked = null
PopupMenu/styles/hover = null
PopupMenu/styles/labeled_separator_left = null
PopupMenu/styles/labeled_separator_right = null
PopupMenu/styles/panel = null
PopupMenu/styles/panel_disabled = null
PopupMenu/styles/separator = null
RichTextLabel/colors/default_color = Color( 0, 0, 0, 1 )
RichTextLabel/colors/font_color_shadow = Color( 0, 0, 0, 1 )
RichTextLabel/constants/shadow_as_outline = 0
RichTextLabel/constants/shadow_offset_x = 0
RichTextLabel/constants/shadow_offset_y = 0
RichTextLabel/styles/focus = null
RichTextLabel/styles/normal = null
