[gd_scene load_steps=7 format=2]

[ext_resource path="res://background/Background.tscn" type="PackedScene" id=1]
[ext_resource path="res://gui/back_button/BackButton.tscn" type="PackedScene" id=2]
[ext_resource path="res://pages/config/Config.gd" type="Script" id=3]
[ext_resource path="res://basic_shapes/square.png" type="Texture" id=4]
[ext_resource path="res://bubble_customizer/BubbleCustomizer.tscn" type="PackedScene" id=5]
[ext_resource path="res://bubble_theme.tres" type="Theme" id=6]

[node name="Config" type="Node2D"]
script = ExtResource( 3 )

[node name="Background" parent="." instance=ExtResource( 1 )]
position = Vector2( 490.75, -14.25 )

[node name="Panel" type="Node2D" parent="."]

[node name="square" type="Sprite" parent="Panel"]
self_modulate = Color( 0, 0, 0, 0.588235 )
position = Vector2( 0, -8.00001 )
scale = Vector2( 20, 3 )
texture = ExtResource( 4 )

[node name="SoundEffectsLabel" type="Label" parent="Panel"]
margin_left = -255.0
margin_top = -61.0
margin_right = -98.0
margin_bottom = -28.0
rect_pivot_offset = Vector2( 45.5, 14 )
theme = ExtResource( 6 )
text = "Sound Effects"

[node name="SoundEffectsToggle" type="CheckButton" parent="Panel"]
margin_left = -263.0
margin_top = -34.0
margin_right = -187.0
margin_bottom = 6.00002
pressed = true

[node name="MusicLabel" type="Label" parent="Panel"]
margin_left = -255.0
margin_top = -124.0
margin_right = -73.0
margin_bottom = -91.0
rect_pivot_offset = Vector2( 45.5, 14 )
theme = ExtResource( 6 )
text = "Music"

[node name="MusicToggle" type="CheckButton" parent="Panel"]
margin_left = -263.0
margin_top = -96.0
margin_right = -187.0
margin_bottom = -56.0
pressed = true

[node name="AutopilotLabel" type="Label" parent="Panel"]
margin_left = -255.0
margin_right = -139.0
margin_bottom = 33.0
theme = ExtResource( 6 )
text = "Autopilot"

[node name="Autopilot" type="CheckButton" parent="Panel"]
margin_left = -266.0
margin_top = 27.0
margin_right = -190.0
margin_bottom = 67.0

[node name="FullscreenLabel" type="Label" parent="Panel"]
visible = false
margin_left = -255.0
margin_top = 61.0
margin_right = -121.0
margin_bottom = 94.0
theme = ExtResource( 6 )
text = "Fullscreen"

[node name="FullscreenToggle" type="CheckButton" parent="Panel"]
visible = false
margin_left = -265.0
margin_top = 88.0
margin_right = -189.0
margin_bottom = 128.0

[node name="BubbleCustomizer" parent="Panel" instance=ExtResource( 5 )]
position = Vector2( 180.691, 23.2589 )

[node name="BackButton" parent="." instance=ExtResource( 2 )]
position = Vector2( 70, 70 )
