[gd_scene load_steps=10 format=2]

[ext_resource path="res://bubble_customizer/SkillRow.tscn" type="PackedScene" id=1]
[ext_resource path="res://bubble/Bubble.tscn" type="PackedScene" id=2]
[ext_resource path="res://bubble_customizer/BubbleCustomizer.gd" type="Script" id=3]
[ext_resource path="res://bubble_customizer/ArrowButton.tscn" type="PackedScene" id=4]
[ext_resource path="res://bubble_theme.tres" type="Theme" id=5]
[ext_resource path="res://bubble_customizer/pencil.png" type="Texture" id=6]
[ext_resource path="res://bubble_customizer/PartCustomizer.tscn" type="PackedScene" id=7]
[ext_resource path="res://bubble_customizer/270404__littlerobotsoundfactory__jingle-achievement-00.mp3" type="AudioStream" id=8]

[sub_resource type="Animation" id=1]
resource_name = "grow"
tracks/0/type = "value"
tracks/0/path = NodePath("BubbleHolder:position")
tracks/0/interp = 2
tracks/0/loop_wrap = true
tracks/0/imported = false
tracks/0/enabled = true
tracks/0/keys = {
"times": PoolRealArray( 0, 1 ),
"transitions": PoolRealArray( 1, 1 ),
"update": 0,
"values": [ Vector2( 0, -80 ), Vector2( 0, -40 ) ]
}
tracks/1/type = "value"
tracks/1/path = NodePath("BubbleHolder:scale")
tracks/1/interp = 2
tracks/1/loop_wrap = true
tracks/1/imported = false
tracks/1/enabled = true
tracks/1/keys = {
"times": PoolRealArray( 0, 1 ),
"transitions": PoolRealArray( 1, 1 ),
"update": 0,
"values": [ Vector2( 3, 3 ), Vector2( 5, 5 ) ]
}

[node name="BubbleCustomizer" type="Node2D"]
script = ExtResource( 3 )

[node name="Upgrader" type="Node2D" parent="."]
visible = false
z_index = 1003

[node name="LeftButton" parent="Upgrader" instance=ExtResource( 4 )]
position = Vector2( -90, -90 )

[node name="RightButton" parent="Upgrader" instance=ExtResource( 4 )]
position = Vector2( 90, -90 )
rotation = 3.14159
scale = Vector2( 1, -1 )

[node name="Name" type="Label" parent="Upgrader"]
margin_left = -112.0
margin_top = -27.0
margin_right = 113.0
margin_bottom = 6.0
theme = ExtResource( 5 )
text = "Speedy Book"
align = 1

[node name="SpeedLabel" type="Label" parent="Upgrader"]
margin_left = -120.0
margin_top = 5.0
margin_right = -44.0
margin_bottom = 38.0
theme = ExtResource( 5 )
text = "Speed"
align = 2

[node name="SpeedRow" parent="Upgrader" instance=ExtResource( 1 )]
position = Vector2( -23, 23 )

[node name="ToughLabel" type="Label" parent="Upgrader"]
margin_left = -121.0
margin_top = 35.0
margin_right = -43.0
margin_bottom = 68.0
theme = ExtResource( 5 )
text = "Tough"
align = 2

[node name="ToughRow" parent="Upgrader" instance=ExtResource( 1 )]
position = Vector2( -23, 53 )

[node name="SkillLabel" type="Label" parent="Upgrader"]
margin_left = -114.0
margin_top = 66.204
margin_right = -44.0
margin_bottom = 99.204
theme = ExtResource( 5 )
text = "Skill"
align = 2

[node name="SkillRow" parent="Upgrader" instance=ExtResource( 1 )]
position = Vector2( -23, 83 )

[node name="EditButton" type="TextureButton" parent="Upgrader"]
margin_left = 141.0
margin_top = -114.0
margin_right = 189.0
margin_bottom = -66.0
texture_normal = ExtResource( 6 )

[node name="Customizer" type="Node2D" parent="."]
z_index = 1002

[node name="SaveButton" type="Button" parent="Customizer"]
margin_left = -76.0
margin_top = 41.0
margin_right = 75.0
margin_bottom = 81.0
grow_horizontal = 2
grow_vertical = 2
theme = ExtResource( 5 )
text = "Save"

[node name="HatCustomizer" parent="Customizer" instance=ExtResource( 7 )]
position = Vector2( 0, -130 )

[node name="EyeCustomizer" parent="Customizer" instance=ExtResource( 7 )]
position = Vector2( 0, -90 )

[node name="PupilCustomizer" parent="Customizer" instance=ExtResource( 7 )]
position = Vector2( 0, -50 )

[node name="EarCustomizer" parent="Customizer" instance=ExtResource( 7 )]
position = Vector2( 0, -10 )

[node name="MouthCustomizer" parent="Customizer" instance=ExtResource( 7 )]
position = Vector2( 0, 30 )

[node name="BaseCustomizer" parent="Customizer" instance=ExtResource( 7 )]
position = Vector2( 0, 70 )

[node name="BubbleHolder" type="Node2D" parent="."]
position = Vector2( 0, -80 )
scale = Vector2( 3, 3 )

[node name="Bubble" parent="BubbleHolder" instance=ExtResource( 2 )]
position = Vector2( 0, -3.33333 )

[node name="AnimationPlayer" type="AnimationPlayer" parent="."]
anims/grow = SubResource( 1 )

[node name="AudioStreamPlayer" type="AudioStreamPlayer" parent="."]
stream = ExtResource( 8 )
