[gd_scene load_steps=7 format=2]

[ext_resource path="res://pages/level_load/LevelLoad.gd" type="Script" id=1]
[ext_resource path="res://background/Background.tscn" type="PackedScene" id=2]
[ext_resource path="res://gui/back_button/BackButton.tscn" type="PackedScene" id=3]
[ext_resource path="res://basic_shapes/square.png" type="Texture" id=4]
[ext_resource path="res://basic_shapes/triangle-100x100.png" type="Texture" id=5]
[ext_resource path="res://pages/editor/MenuButton.tscn" type="PackedScene" id=6]

[node name="LevelLoad" type="Node2D"]
script = ExtResource( 1 )

[node name="Background" parent="." instance=ExtResource( 2 )]
position = Vector2( 490.75, -14.25 )

[node name="Panel" type="Node2D" parent="."]

[node name="square" type="Sprite" parent="Panel"]
self_modulate = Color( 0, 0, 0, 0.588235 )
scale = Vector2( 20, 4.2 )
texture = ExtResource( 4 )

[node name="OptionHolder" type="Node2D" parent="Panel"]

[node name="RightButton" type="Node2D" parent="Panel"]
position = Vector2( 475, 0 )

[node name="Button" parent="Panel/RightButton" instance=ExtResource( 6 )]

[node name="Triangle-100X100" type="Sprite" parent="Panel/RightButton"]
self_modulate = Color( 0.0666667, 0.486275, 0.8, 1 )
position = Vector2( 7, 0 )
rotation = 1.5708
scale = Vector2( 0.5, 0.5 )
texture = ExtResource( 5 )

[node name="LeftButton" type="Node2D" parent="Panel"]
position = Vector2( -475, 0 )

[node name="Button" parent="Panel/LeftButton" instance=ExtResource( 6 )]

[node name="Triangle-100X100" type="Sprite" parent="Panel/LeftButton"]
self_modulate = Color( 0.0666667, 0.486275, 0.8, 1 )
position = Vector2( -9, 0 )
rotation = -1.5708
scale = Vector2( 0.5, 0.5 )
texture = ExtResource( 5 )

[node name="BackButton" parent="." instance=ExtResource( 3 )]
position = Vector2( 100, 100 )
