[gd_scene load_steps=11 format=2]

[ext_resource path="res://pages/editor/Editor.gd" type="Script" id=1]
[ext_resource path="res://level_renderer/LevelRenderer.tscn" type="PackedScene" id=2]
[ext_resource path="res://background/Background.tscn" type="PackedScene" id=3]
[ext_resource path="res://pages/editor/videogame.png" type="Texture" id=4]
[ext_resource path="res://gui/back_button/BackButton.tscn" type="PackedScene" id=5]
[ext_resource path="res://gui/joystick/Joystick.tscn" type="PackedScene" id=6]
[ext_resource path="res://pages/editor/tile_picker/TilePicker.tscn" type="PackedScene" id=7]
[ext_resource path="res://pages/editor/MenuButton.tscn" type="PackedScene" id=8]
[ext_resource path="res://pages/editor/new-doc-small.png" type="Texture" id=9]
[ext_resource path="res://pages/editor/book.png" type="Texture" id=10]

[node name="Editor" type="Node2D"]
script = ExtResource( 1 )

[node name="DrawArea" type="TextureButton" parent="."]
margin_right = 1000.0
margin_bottom = 1000.0

[node name="LevelRenderer" parent="." instance=ExtResource( 2 )]
scale = Vector2( 0.25, 0.25 )

[node name="TilePicker" parent="." instance=ExtResource( 7 )]
position = Vector2( 346.832, 646.724 )

[node name="Background" parent="." instance=ExtResource( 3 )]
position = Vector2( 476.309, -36.056 )

[node name="Joystick" parent="." instance=ExtResource( 6 )]
position = Vector2( 627, 628 )
scale = Vector2( 0.8, 0.8 )

[node name="BackButton" parent="." instance=ExtResource( 5 )]
position = Vector2( 70, 70 )

[node name="TestButton" type="Node2D" parent="."]
position = Vector2( 190, 70 )

[node name="TestButton" parent="TestButton" instance=ExtResource( 8 )]

[node name="Videogame" type="Sprite" parent="TestButton"]
self_modulate = Color( 0.0666667, 0.486275, 0.8, 1 )
position = Vector2( -1, 3.05176e-05 )
scale = Vector2( 0.18, 0.18 )
texture = ExtResource( 4 )

[node name="SaveButton" parent="." instance=ExtResource( 8 )]
visible = false
position = Vector2( 300, 70 )

[node name="LoadButton" type="Node2D" parent="."]
position = Vector2( 410, 70 )

[node name="LoadButton" parent="LoadButton" instance=ExtResource( 8 )]

[node name="Book" type="Sprite" parent="LoadButton"]
self_modulate = Color( 0.0666667, 0.486275, 0.8, 1 )
position = Vector2( 0, -2.99997 )
scale = Vector2( 0.15, 0.15 )
texture = ExtResource( 10 )

[node name="NewButton" type="Node2D" parent="."]
position = Vector2( 520, 70 )

[node name="NewButton" parent="NewButton" instance=ExtResource( 8 )]

[node name="New-doc-small" type="Sprite" parent="NewButton"]
self_modulate = Color( 0.0666667, 0.486275, 0.8, 1 )
position = Vector2( 6, 3 )
scale = Vector2( 0.52, 0.52 )
texture = ExtResource( 9 )
