[gd_scene load_steps=5 format=2]

[ext_resource path="res://tiles/wall_old/Wall.tscn" type="PackedScene" id=1]
[ext_resource path="res://tiles/oil/Oil.tscn" type="PackedScene" id=2]
[ext_resource path="res://bubble/Bubble.tscn" type="PackedScene" id=3]
[ext_resource path="res://bubble/BubbleWander.gd" type="Script" id=4]

[node name="OilTest" type="Node2D"]

[node name="Oil" parent="." instance=ExtResource( 2 )]
position = Vector2( 208, 160 )

[node name="Oil2" parent="." instance=ExtResource( 2 )]
position = Vector2( 584, 184 )

[node name="Oil3" parent="." instance=ExtResource( 2 )]
position = Vector2( 368, 336 )

[node name="Wall" parent="." instance=ExtResource( 1 )]
position = Vector2( 536, -8 )
scale = Vector2( 13.8061, 0.749045 )

[node name="Wall3" parent="." instance=ExtResource( 1 )]
position = Vector2( 544, 608 )
scale = Vector2( 13.3778, 0.814575 )

[node name="Wall2" parent="." instance=ExtResource( 1 )]
position = Vector2( 1080, 368 )
scale = Vector2( 1.23233, 6.9751 )

[node name="Wall4" parent="." instance=ExtResource( 1 )]
position = Vector2( -40, 360 )
scale = Vector2( 0.980734, 6.89575 )

[node name="Bubble" parent="." instance=ExtResource( 3 )]
position = Vector2( 136, 320 )
script = ExtResource( 4 )

[node name="Bubble2" parent="." instance=ExtResource( 3 )]
position = Vector2( 400, 136 )
script = ExtResource( 4 )

[node name="Bubble3" parent="." instance=ExtResource( 3 )]
position = Vector2( 640, 368 )
script = ExtResource( 4 )
