[gd_scene load_steps=22 format=2]

[ext_resource path="res://face/Face.tscn" type="PackedScene" id=1]
[ext_resource path="res://bubble/bubble-light.png" type="Texture" id=2]
[ext_resource path="res://tiles/dot/dot.png" type="Texture" id=3]
[ext_resource path="res://bubble/Bubble.gd" type="Script" id=4]
[ext_resource path="res://pages/title/logo-white-rim.png" type="Texture" id=5]
[ext_resource path="res://bubble/WakeParticleGradient.tres" type="Gradient" id=6]
[ext_resource path="res://bubble/OilParticleGradient.tres" type="Gradient" id=7]
[ext_resource path="res://bubble/66786__mattj99__bubbling01.mp3" type="AudioStream" id=8]
[ext_resource path="res://bubble_theme.tres" type="Theme" id=9]
[ext_resource path="res://tiles/ghost/521253__maugusto_sfx__eatingsfx.wav" type="AudioStream" id=10]
[ext_resource path="res://basic_shapes/Circle.png" type="Texture" id=11]

[sub_resource type="PhysicsMaterial" id=1]
friction = 0.0
bounce = 0.339

[sub_resource type="CircleShape2D" id=2]

[sub_resource type="GradientTexture" id=3]
gradient = ExtResource( 6 )

[sub_resource type="ParticlesMaterial" id=4]
emission_shape = 1
emission_sphere_radius = 25.0
flag_disable_z = true
spread = 180.0
gravity = Vector3( 0, 0, 0 )
initial_velocity = 1.0
initial_velocity_random = 1.0
orbit_velocity = 0.0
orbit_velocity_random = 0.0
radial_accel = 50.0
radial_accel_random = 0.61
angle_random = 1.0
scale = 0.25
scale_random = 0.5
color_ramp = SubResource( 3 )
hue_variation = -0.1
hue_variation_random = 0.63

[sub_resource type="ParticlesMaterial" id=5]
emission_shape = 1
emission_sphere_radius = 25.0
flag_disable_z = true
spread = 180.0
gravity = Vector3( 0, 0, 0 )
initial_velocity = 1.0
initial_velocity_random = 1.0
orbit_velocity = 0.0
orbit_velocity_random = 0.0
radial_accel = 50.0
radial_accel_random = 0.61
angle_random = 1.0
scale = 0.25
scale_random = 0.5
color_ramp = SubResource( 3 )
hue_variation = 0.33
hue_variation_random = 0.5

[sub_resource type="GradientTexture" id=6]
gradient = ExtResource( 7 )

[sub_resource type="ParticlesMaterial" id=7]
emission_shape = 1
emission_sphere_radius = 25.0
flag_disable_z = true
spread = 180.0
gravity = Vector3( 0, 0, 0 )
initial_velocity = 1.0
initial_velocity_random = 1.0
orbit_velocity = 0.0
orbit_velocity_random = 0.0
radial_accel = 50.0
radial_accel_random = 0.61
angle_random = 1.0
scale = 0.25
scale_random = 0.5
color_ramp = SubResource( 6 )
hue_variation = 0.33
hue_variation_random = 0.5

[sub_resource type="Animation" id=10]
length = 0.001
tracks/0/type = "value"
tracks/0/path = NodePath("Light2D:color")
tracks/0/interp = 1
tracks/0/loop_wrap = true
tracks/0/imported = false
tracks/0/enabled = true
tracks/0/keys = {
"times": PoolRealArray( 0 ),
"transitions": PoolRealArray( 1 ),
"update": 0,
"values": [ Color( 1, 1, 1, 1 ) ]
}
tracks/1/type = "value"
tracks/1/path = NodePath("Shockwave:visible")
tracks/1/interp = 1
tracks/1/loop_wrap = true
tracks/1/imported = false
tracks/1/enabled = true
tracks/1/keys = {
"times": PoolRealArray( 0 ),
"transitions": PoolRealArray( 1 ),
"update": 0,
"values": [ false ]
}
tracks/2/type = "value"
tracks/2/path = NodePath("Shockwave:modulate")
tracks/2/interp = 1
tracks/2/loop_wrap = true
tracks/2/imported = false
tracks/2/enabled = true
tracks/2/keys = {
"times": PoolRealArray( 0 ),
"transitions": PoolRealArray( 1 ),
"update": 0,
"values": [ Color( 1, 1, 1, 1 ) ]
}
tracks/3/type = "value"
tracks/3/path = NodePath("Shockwave:scale")
tracks/3/interp = 1
tracks/3/loop_wrap = true
tracks/3/imported = false
tracks/3/enabled = true
tracks/3/keys = {
"times": PoolRealArray( 0 ),
"transitions": PoolRealArray( 1 ),
"update": 0,
"values": [ Vector2( 0.2, 0.2 ) ]
}

[sub_resource type="Animation" id=9]
resource_name = "pop"
length = 2.0
tracks/0/type = "value"
tracks/0/path = NodePath("Pop!:visible")
tracks/0/interp = 1
tracks/0/loop_wrap = true
tracks/0/imported = false
tracks/0/enabled = true
tracks/0/keys = {
"times": PoolRealArray( 0, 0.1 ),
"transitions": PoolRealArray( 1, 1 ),
"update": 1,
"values": [ false, true ]
}
tracks/1/type = "value"
tracks/1/path = NodePath("Pop!:modulate")
tracks/1/interp = 1
tracks/1/loop_wrap = true
tracks/1/imported = false
tracks/1/enabled = true
tracks/1/keys = {
"times": PoolRealArray( 0.1, 2 ),
"transitions": PoolRealArray( 1, 1 ),
"update": 0,
"values": [ Color( 1, 1, 1, 1 ), Color( 1, 1, 1, 0 ) ]
}
tracks/2/type = "value"
tracks/2/path = NodePath("Sprite:visible")
tracks/2/interp = 1
tracks/2/loop_wrap = true
tracks/2/imported = false
tracks/2/enabled = true
tracks/2/keys = {
"times": PoolRealArray( 0, 0.1 ),
"transitions": PoolRealArray( 1, 1 ),
"update": 1,
"values": [ true, false ]
}
tracks/3/type = "value"
tracks/3/path = NodePath("Ring:visible")
tracks/3/interp = 1
tracks/3/loop_wrap = true
tracks/3/imported = false
tracks/3/enabled = true
tracks/3/keys = {
"times": PoolRealArray( 0, 0.1 ),
"transitions": PoolRealArray( 1, 1 ),
"update": 1,
"values": [ true, false ]
}
tracks/4/type = "value"
tracks/4/path = NodePath("Name:visible")
tracks/4/interp = 1
tracks/4/loop_wrap = true
tracks/4/imported = false
tracks/4/enabled = true
tracks/4/keys = {
"times": PoolRealArray( 0, 0.1 ),
"transitions": PoolRealArray( 1, 1 ),
"update": 1,
"values": [ true, false ]
}
tracks/5/type = "value"
tracks/5/path = NodePath(".:visible")
tracks/5/interp = 1
tracks/5/loop_wrap = true
tracks/5/imported = false
tracks/5/enabled = true
tracks/5/keys = {
"times": PoolRealArray( 0, 2 ),
"transitions": PoolRealArray( 1, 1 ),
"update": 1,
"values": [ true, false ]
}
tracks/6/type = "value"
tracks/6/path = NodePath("Light2D:visible")
tracks/6/interp = 1
tracks/6/loop_wrap = true
tracks/6/imported = false
tracks/6/enabled = true
tracks/6/keys = {
"times": PoolRealArray( 0, 2 ),
"transitions": PoolRealArray( 1, 1 ),
"update": 1,
"values": [ true, false ]
}
tracks/7/type = "value"
tracks/7/path = NodePath("Shockwave:visible")
tracks/7/interp = 1
tracks/7/loop_wrap = true
tracks/7/imported = false
tracks/7/enabled = true
tracks/7/keys = {
"times": PoolRealArray( 0 ),
"transitions": PoolRealArray( 1 ),
"update": 1,
"values": [ true ]
}
tracks/8/type = "value"
tracks/8/path = NodePath("Shockwave:modulate")
tracks/8/interp = 1
tracks/8/loop_wrap = true
tracks/8/imported = false
tracks/8/enabled = true
tracks/8/keys = {
"times": PoolRealArray( 0, 1 ),
"transitions": PoolRealArray( 0.4, 1 ),
"update": 0,
"values": [ Color( 1, 1, 1, 0.482353 ), Color( 1, 1, 1, 0 ) ]
}
tracks/9/type = "value"
tracks/9/path = NodePath("Shockwave:scale")
tracks/9/interp = 1
tracks/9/loop_wrap = true
tracks/9/imported = false
tracks/9/enabled = true
tracks/9/keys = {
"times": PoolRealArray( 0, 1 ),
"transitions": PoolRealArray( 1, 1 ),
"update": 0,
"values": [ Vector2( 0.2, 0.2 ), Vector2( 0.6, 0.6 ) ]
}

[sub_resource type="CircleShape2D" id=11]

[node name="Bubble" type="RigidBody2D"]
mode = 2
physics_material_override = SubResource( 1 )
gravity_scale = 0.0
script = ExtResource( 4 )

[node name="Sprite" type="Node2D" parent="."]

[node name="Face" parent="Sprite" instance=ExtResource( 1 )]
position = Vector2( 0, -9 )
z_index = 999

[node name="Light2D" type="Light2D" parent="."]
visible = false
texture = ExtResource( 2 )
range_z_max = 1000
range_layer_min = -100
range_layer_max = 1
shadow_enabled = true
shadow_gradient_length = 20.0
shadow_filter = 2
shadow_filter_smooth = 10.0

[node name="CollisionShape2D" type="CollisionShape2D" parent="."]
scale = Vector2( 1.5, 1.5 )
shape = SubResource( 2 )

[node name="Ring" type="Sprite" parent="."]
light_mask = 1024
scale = Vector2( 0.1, 0.1 )
texture = ExtResource( 5 )

[node name="WakeParticles" type="Particles2D" parent="."]
visible = false
amount = 10
lifetime = 0.5
visibility_rect = Rect2( -200, -200, 400, 400 )
local_coords = false
process_material = SubResource( 4 )
texture = ExtResource( 3 )

[node name="SpeedParticles" type="Particles2D" parent="."]
visible = false
emitting = false
amount = 20
lifetime = 0.5
visibility_rect = Rect2( -200, -200, 400, 400 )
local_coords = false
process_material = SubResource( 5 )
texture = ExtResource( 3 )

[node name="OilParticles" type="Particles2D" parent="."]
visible = false
emitting = false
amount = 20
lifetime = 0.5
visibility_rect = Rect2( -200, -200, 400, 400 )
local_coords = false
process_material = SubResource( 7 )
texture = ExtResource( 3 )

[node name="PopSound" type="AudioStreamPlayer2D" parent="."]
stream = ExtResource( 8 )
volume_db = 10.0

[node name="ChompSound" type="AudioStreamPlayer2D" parent="."]
stream = ExtResource( 10 )
volume_db = 15.0

[node name="Name" type="Label" parent="."]
visible = false
margin_left = -150.0
margin_top = 50.0
margin_right = 150.0
margin_bottom = 64.0
theme = ExtResource( 9 )
text = "Best Name"
align = 1

[node name="Shockwave" type="Sprite" parent="."]
visible = false
position = Vector2( -3.05176e-05, 7.62939e-06 )
scale = Vector2( 0.2, 0.2 )
texture = ExtResource( 11 )

[node name="Pop!" type="Label" parent="."]
visible = false
modulate = Color( 1, 1, 1, 0.984211 )
light_mask = 0
margin_left = -53.0
margin_top = -18.0
margin_right = 55.0
margin_bottom = 15.0
theme = ExtResource( 9 )
custom_colors/font_color = Color( 0.337255, 0.592157, 0.780392, 1 )
text = "Pop!"
align = 1

[node name="Animator" type="AnimationPlayer" parent="."]
anims/RESET = SubResource( 10 )
anims/pop = SubResource( 9 )

[node name="Area2D" type="Area2D" parent="."]
monitorable = false

[node name="CollisionShape2D" type="CollisionShape2D" parent="Area2D"]
scale = Vector2( 30, 30 )
shape = SubResource( 11 )
