[gd_scene load_steps=7 format=2]

[ext_resource path="res://background/BG.jpg" type="Texture" id=1]
[ext_resource path="res://bubble/BubbleLocal.tscn" type="PackedScene" id=2]
[ext_resource path="res://tiles/wall_old/Wall.tscn" type="PackedScene" id=3]
[ext_resource path="res://bubble/BubbleLocalTest.gd" type="Script" id=4]
[ext_resource path="res://tiles/ghost/Ghost.tscn" type="PackedScene" id=5]
[ext_resource path="res://tiles/speed/Speed.tscn" type="PackedScene" id=6]

[node name="LocalBubbleTest" type="Node2D"]
script = ExtResource( 4 )

[node name="BG" type="Sprite" parent="."]
position = Vector2( 233.464, 11.8339 )
texture = ExtResource( 1 )

[node name="Bubble" parent="." instance=ExtResource( 2 )]

[node name="Wall" parent="." instance=ExtResource( 3 )]
position = Vector2( 536, -8 )
scale = Vector2( 13.8061, 0.749045 )

[node name="Wall3" parent="." instance=ExtResource( 3 )]
position = Vector2( 544, 608 )
scale = Vector2( 13.3778, 0.814575 )

[node name="Wall2" parent="." instance=ExtResource( 3 )]
position = Vector2( 1080, 368 )
scale = Vector2( 1.23233, 6.9751 )

[node name="Wall4" parent="." instance=ExtResource( 3 )]
position = Vector2( -40, 360 )
scale = Vector2( 0.980734, 6.89575 )

[node name="Ghost" parent="." instance=ExtResource( 5 )]
position = Vector2( 318.493, 111.96 )

[node name="Speed" parent="." instance=ExtResource( 6 )]
position = Vector2( 644.966, 110.998 )

[node name="CanvasLayer" type="CanvasLayer" parent="."]

[node name="SpeedLabel" type="Label" parent="CanvasLayer"]
margin_left = 1.18921
margin_top = 39.2439
margin_right = 41.1892
margin_bottom = 53.2439
text = "Speed"

[node name="SpeedSlider" type="HSlider" parent="CanvasLayer"]
margin_left = 49.9468
margin_top = 39.2439
margin_right = 183.947
margin_bottom = 55.2439
max_value = 6.0

[node name="ToughLabel" type="Label" parent="CanvasLayer"]
margin_left = 3.37842
margin_top = 83.0007
margin_right = 43.3784
margin_bottom = 97.0007
text = "Tough"

[node name="ToughSlider" type="HSlider" parent="CanvasLayer"]
margin_left = 52.3253
margin_top = 83.2446
margin_right = 186.325
margin_bottom = 99.2446
max_value = 6.0
tick_count = 6
ticks_on_borders = true

[node name="SkillLabel" type="Label" parent="CanvasLayer"]
margin_left = 3.56763
margin_top = 130.813
margin_right = 43.5676
margin_bottom = 144.813
text = "Skill"

[node name="SkillSlider" type="HSlider" parent="CanvasLayer"]
margin_left = 55.7038
margin_top = 129.624
margin_right = 189.704
margin_bottom = 145.624
max_value = 6.0
tick_count = 6
ticks_on_borders = true
